<?xml version="1.0" encoding="UTF-8"?><collection xmlns="http://www.loc.gov/MARC21/slim"><record><leader>00475nam--2200181-i-4500</leader><controlfield tag="001">000041359</controlfield><controlfield tag="002">20161230</controlfield><controlfield tag="005">20170205232010</controlfield><controlfield tag="008">060222s1000------------r-----000-0-eng-d</controlfield><datafield ind1=" " ind2=" " tag="020"><subfield code="a">0306304554</subfield></datafield><datafield ind1=" " ind2=" " tag="040"><subfield code="a">IFIN-HH</subfield></datafield><datafield ind1=" " ind2=" " tag="080"><subfield code="a">539.219.3:537.311.33</subfield></datafield><datafield ind1="1" ind2=" " tag="100"><subfield code="a">Shaw, Derek</subfield></datafield><datafield ind1="1" ind2="0" tag="245"><subfield code="a">Atomic diffusion in semiconductors</subfield><subfield code="c">D. Shaw (ed.)</subfield></datafield><datafield ind1=" " ind2=" " tag="260"><subfield code="a">London</subfield><subfield code="b">Plenum Press</subfield><subfield code="c">1973</subfield></datafield><datafield ind1=" " ind2=" " tag="300"><subfield code="a">XIII + 607 p</subfield></datafield><datafield ind1=" " ind2=" " tag="852"><subfield code="a">42039</subfield><subfield code="c">537.311.33</subfield></datafield><datafield ind1=" " ind2=" " tag="CAT"><subfield code="a">SYS</subfield><subfield code="c">20170205</subfield><subfield code="h">232010</subfield></datafield></record></collection>